ISA*00*          *00*          *ZZ*V0202          *ZZ*382069753      *021001*0100*U*00401*000006020*1*T*|
GS*HP*V0202*382069753*20021001*113658*6020*X*004010X091
ST*835*5222
BPR*I*2438.2*C*FWT**01*173423842*DA*342129*1312004389**01*789451783*DA*3245623*20021001
TRN*1*0124326845*1312004389
DTM*405*20021001
N1*PR*DISNEY BENEFITS INCORPORATED
N3*5760 HILLVIEW DRIVE
N4*FLORISSANT*MO*63031
REF*EO*23009VSDF3
N1*PE*DISNEY PHYSICIAN'S FAMILY PRACTICE*FI*233458322
N3*2391 LANTERN LANE
N4*FLORISSANT*MO*63031
LX*1
CLP*D92093134*1*287*124.2*10*12*457845213457789
CAS*PR*3*10
CAS*PI*96*27
NM1*QC*1*SQUAREPANTS*SPONGEBOB****MI*239230493
NM1*IL*1*SQUAREPANTS*JANE*Q***MI*123901283
DTM*232*20020915
DTM*233*20020915
AMT*F5*10
AMT*T*5
AMT*I*10.75
QTY*CD*1
SVC*HC|87420*141*15.20
DTM*472*20020915
CAS*CO*A2*25.80
CAS*PI*50*100
SVC*HC|87804*73*73
DTM*472*20020915
LQ*HE*M118
SVC*HC|94664*73*73
DTM*472*20020915
CLP*3249DS903*4*780.23*0*50*12*20020921938827
CAS*PR*1*50
CAS*CO*42*208
CAS*OA*101*522.23
NM1*QC*1*HARTLEY*SUE****MI*309201131
DTM*232*20020928
DTM*233*20020928
PER*CX**TE*8001231234
CLP*2390953020*4*175.22*0**12
NM1*QC*1*BUNNY*BUGS****34*023029852
NM1*IL*1*BUNNY*MISSY****34*104296742
NM1*82*1*LITTLE*DEBBIE****FI*120349684
REF*IG*32489U32-42343
REF*1B*003492321
DTM*232*20020920
SVC*HC|J3301|RT*89.72*0**2
CAS*PI*55*89.72
LQ*HE*M67
LQ*HE*M118
SVC*HC|90471*85.5*0
CAS*PI*56*85.5
LQ*HE*M86
CLP*0906502334*2*455*400*55*12
CAS*PR*3*55
NM1*QC*1*REN*STIMPY****MI*23560569083
DTM*232*20020919
SVC*HC|73030|LT*455*455
PLB*6745324*20021001*L6*-10.75*CT*-2000*L3*96.75
SE*61*5222
GE*1*6020
IEA*1*000006020
